@misc{ McCulloch,
       author = "Stuart J. Russell and Peter Norvig",
       title = "Artificial Intelligence A Modern Approach",
       year = "2010" }

@misc{ Perceptron,
       author = "Frank Rosenblatt",
       title = "Artificial Intelligence A Modern Approach",
       year = "2010" }

@misc{ Convolutional,
       author = "Keiron Oâ€™Shea and Ryan Nash",
       title = "An Introduction to Convolutional Neural Networks",
       year = "2015" }

@misc{ Backpropagation,
       author = "David E. Rumelhart and Richard Durbin and Richard Golden and Yves Chauvin",
       title = "Backpropagation: The basic theory",
       year = "2008" }

@misc{ PCA,
       author = "I.T. Jolliffe",
       title = "Principal Component Analysis",
       year = "1986" }

@misc{ Pruning,
       author = "Song Han and Huizi Mao and William J. Dally",
       title = "Deep compression: Compressing deep neural network with pruning, trained quantization and huffman coding",
       year = "2015" }

@misc{ Momentum,
       author = "Ilya Sutskever and James Martens and George Dahl and Geoffrey Hinton",
       title = "On the importance of initialization and momentum in deep learning",
       year = "2013" }

@misc{ L2,
       author = "Twan van Laarhoven",
       title = "L2 regularization versus batch and weight normalization",
       year = "2017" }

@misc{ CSC,
       author = "Youcef Saad",
       title = "SPARSKIT: A basic tool kit for sparse matrix computations",
       year = "1990" }

@misc{ GOF,
       author = "Erich Gamma and Richard Helm and Ralph Johnson and John Vlissides",
       title = "Design Patterns: Elements of Reusable Object-Oriented Software",
       year = "1994" }

@misc{ KMeans,
       author = "Wang Zhen Lei and Huawei Chen and Yixuan Wu",
       title = "Compressing deep convolutional networks using k-means based on weights distribution",
       year = "1994" }